% Bibliography file for the LaTeX document
% Add your references here following BibTeX format